<record><leader>00000cas a22000007a 4500</leader><controlfield tag="001">647356773</controlfield><controlfield tag="006">m     o  d        </controlfield><controlfield tag="007">cr |||||||||||</controlfield><controlfield tag="008">100713c20109999ncuqr n o     |   a0eng  </controlfield><datafield ind1=" " ind2=" " tag="010"><subfield code="a">  2010201366</subfield></datafield><datafield ind1=" " ind2=" " tag="040"><subfield code="a">DLC</subfield><subfield code="b">eng</subfield><subfield code="c">DLC</subfield><subfield code="d">DLC</subfield><subfield code="d">OCLCQ</subfield><subfield code="d">VT2</subfield><subfield code="d">OCLCO</subfield><subfield code="d">OCLCF</subfield><subfield code="d">OCLCO</subfield></datafield><datafield ind1=" " ind2=" " tag="012"><subfield code="l">1</subfield></datafield><datafield ind1="0" ind2=" " tag="022"><subfield code="a">2156-4566</subfield><subfield code="2">1</subfield></datafield><datafield ind1="1" ind2=" " tag="029"><subfield code="a">AU@</subfield><subfield code="b">000045817265</subfield></datafield><datafield ind1="1" ind2=" " tag="029"><subfield code="a">NZ1</subfield><subfield code="b">14721750</subfield></datafield><datafield ind1="1" ind2=" " tag="029"><subfield code="a">NZ1</subfield><subfield code="b">16073219</subfield></datafield><datafield ind1=" " ind2=" " tag="037"><subfield code="b">Surgisphere Corporation, 4706 Carmen Lane, Durham, NC 27707</subfield></datafield><datafield ind1=" " ind2=" " tag="042"><subfield code="a">pcc</subfield><subfield code="a">nsdp</subfield></datafield><datafield ind1="1" ind2="0" tag="050"><subfield code="a">ISSN RECORD</subfield></datafield><datafield ind1="1" ind2="0" tag="082"><subfield code="a">617</subfield><subfield code="2">14</subfield></datafield><datafield ind1="0" ind2=" " tag="210"><subfield code="a">J. surg.radiol.</subfield><subfield code="b">(Online)</subfield></datafield><datafield ind1=" " ind2="0" tag="222"><subfield code="a">Journal of surgical radiology</subfield><subfield code="b">(Online)</subfield></datafield><datafield ind1="0" ind2="0" tag="245"><subfield code="a">Journal of surgical radiology</subfield><subfield code="h">[electronic resource].</subfield></datafield><datafield ind1="1" ind2="3" tag="246"><subfield code="a">J surg rad</subfield></datafield><datafield ind1=" " ind2=" " tag="260"><subfield code="a">Durham, NC :</subfield><subfield code="b">Surgisphere Corp.</subfield></datafield><datafield ind1=" " ind2=" " tag="310"><subfield code="a">Quarterly</subfield></datafield><datafield ind1="1" ind2=" " tag="362"><subfield code="a">Began with: Vol. 1 (July 1, 2010).</subfield></datafield><datafield ind1=" " ind2=" " tag="500"><subfield code="a">Editor-in-chief: Cynthia Shortell</subfield></datafield><datafield ind1=" " ind2=" " tag="588"><subfield code="a">Description based on: Vol. 1 (July 1, 2010); title from home page (Journal of Surgical Radiology website, viewed on July 8, 2010).</subfield></datafield><datafield ind1=" " ind2=" " tag="588"><subfield code="a">Latest issue consulted: Vol. 1 (July 1, 2010) (viewed on July 8, 2010).</subfield></datafield><datafield ind1=" " ind2="0" tag="650"><subfield code="a">Surgery</subfield><subfield code="v">Periodicals.</subfield></datafield><datafield ind1=" " ind2="0" tag="650"><subfield code="a">Diagnosis, Radioscopic</subfield><subfield code="v">Periodicals.</subfield></datafield><datafield ind1=" " ind2="7" tag="655"><subfield code="a">Periodicals.</subfield><subfield code="2">fast</subfield><subfield code="0">(OCoLC)fst01411641</subfield></datafield><datafield ind1=" " ind2="7" tag="650"><subfield code="a">Diagnosis, Radioscopic.</subfield><subfield code="2">fast</subfield><subfield code="0">(OCoLC)fst00892327</subfield></datafield><datafield ind1=" " ind2="7" tag="650"><subfield code="a">Surgery.</subfield><subfield code="2">fast</subfield><subfield code="0">(OCoLC)fst01139351</subfield></datafield><datafield ind1="0" ind2="8" tag="776"><subfield code="i">Also issued in print:</subfield><subfield code="t">Journal of surgical radiology</subfield><subfield code="x">2156-213X</subfield><subfield code="w">(DLC)  2010201361</subfield><subfield code="w">(OCoLC)646070831</subfield></datafield><datafield ind1="4" ind2="0" tag="856"><subfield code="u">http://www.surgisphere.com</subfield></datafield></record>